@article{de1980auditory,
  title={Auditory physics. Physical principles in hearing theory. I},
  author={de Boer, Engbert},
  journal={Physics reports},
  volume={62},
  number={2},
  pages={87--174},
  year={1980},
  publisher={Elsevier}
}

@article{bohnke19993d,
  title={3D-Finite Element Model of the Human Cochlea Including Fluid-Structure Couplings},
  author={B{\"o}hnke, F. and Arnold, Wolfgang},
  journal={ORL},
  volume={61},
  number={5},
  pages={305--310},
  year={1999},
  publisher={Karger Publishers}
}

@article{dallos1991nature,
  title={Nature of the motor element in electrokinetic shape changes of cochlear outer hair cells},
  author={Dallos, Peter and Evans, Burt N and Hallworth, Richard},
  year={1991},
  publisher={Nature Publishing Group}
}


@article{dallos1997acetylcholine,
  title={Acetylcholine, outer hair cell electromotility, and the cochlear amplifier},
  author={Dallos, Peter and He, David ZZ and Lin, Xi and Sziklai, Istv{\'a}n and Mehta, Samir and Evans, Burt N},
  journal={The Journal of neuroscience},
  volume={17},
  number={6},
  pages={2212--2226},
  year={1997},
  publisher={Soc Neuroscience}
}

@article{dau1997modeling,
  title={Modeling auditory processing of amplitude modulation. II. Spectral and temporal integration},
  author={Dau, Torsten and Kollmeier, Birger and Kohlrausch, Armin},
  journal={The Journal of the Acoustical Society of America},
  volume={102},
  number={5},
  pages={2906--2919},
  year={1997},
  publisher={Acoustical Society of America}
}

@book{duss1995Neurologisch,
  title={Neurologisch-topische Diagnostik},
  author={Duus, Peter},
  year={1995},
  publisher={Georg Thieme Verlag}
}

@book{green1974signal,
  title={Signal detection theory and psychophysics, 2nd edition.},
  author={Green, DM. and Swets, JA.},
  year={1974},
  publisher={Krieger, New York}
}

@article{gummer2002mechanical,
  title={Mechanical transduction in outer hair cells},
  author={Gummer, AW and Meyer, J and  Frank, G and Scherer, MP and Preyer, S},
  year={2002},
  journal={ Audiol Neuro-Otol},
  volume={7},
	pages={13 -- 16}
}

@article{huettenbrink1988die,
  title={Die Mechanik der Geh{\"o}rkn{\"o}chelchen bei statischen Drucken, I. Normales Mittelohr},
  author={H{\"u}ttenbrink, K.B.},
  year={1988},
  journal={ Laryng. Rhinol. Otol.},
  volume={67},
	pages={45--52}
}


@article{hudde1998measuring,
  title={Measuring and modeling basic properties of the human middle ear and ear canal. Part III: Eardrum impedances, transfer functions and model calculations},
  author={Hudde, H and Engel, A},
  journal={Acta Acustica united with Acustica},
  volume={84},
  number={6},
  pages={1091--1108},
  year={1998},
  publisher={S. Hirzel Verlag}
}


@article{hudspeth2000putting,
  title={Putting ion channels to work: mechanoelectrical transduction, adaptation, and amplification by hair cells},
  author={Hudspeth, AJ and Choe, Y and Mehta, AD and Martin, P},
  journal={Proceedings of the National Academy of Sciences},
  volume={97},
  number={22},
  pages={11765--11772},
  year={2000},
  publisher={National Acad Sciences}
}


@article{kollmeier2003auditory,
  title={Auditory principles in speech processing: Do computers need silicon ears?},
  author={Kollmeier, Birger},
  journal={In Proceedings of the 8th European Conference on Speech Communication and Technology (Eurospeech)}, 
  pages={5--8},
  year={2003},
  publisher={ICSA International Speech Communication Association}
}

@article{kollmeier1994speech,
  title={Speech enhancement based on physiological and psychoacoustical models of modulation perception and binaural interaction},
  author={Kollmeier, Birger and Koch, Ren{\'e}},
  journal={The Journal of the Acoustical Society of America},
  volume={95},
  number={3},
  pages={1593--1602},
  year={1994},
  publisher={Acoustical Society of America}
}


@book{kiessling2008versorgung,
  title={Versorgung und Rehabilitation mit H{\"o}rger{\"a}ten},
  author={Kie{\ss}ling, J{\"u}rgen and Kollmeier, Birger and Diller, Gottfried},
  year={2008},
	edition = {2},
  publisher={Georg Thieme Verlag}
}


@article{langner1988periodicity,
  title={Periodicity coding in the inferior colliculus of the cat. I. Neuronal mechanisms},
  author={Langner, Gerald and Schreiner, Christoph E},
  journal={J Neurophysiol},
  volume={60},
  number={6},
  pages={1799--1822},
  year={1988}
}


@book{despopoulos2003color,
  title={Taschenatlas der Physiologie},
  author={Silbernagl, Stefan and Despopoulos, Agamemnon },
  year={2003},
  publisher={Thieme}
}



%% Lesson 2

@article{ansi1969ansi,
  title={ANSI S3. 5-1969, Methods for the calculation of the articulation index},
  author={ANSI},
  journal={New York: American National Standards Institute},
  year={1997}
}

@article{ansi1997ansi,
  title={ANSI S3. 5-1997, Methods for the calculation of the speech intelligibility index},
  author={ANSI},
  journal={New York: American National Standards Institute},
  year={1997}
}


@article{boothroyd1988mathematical,
  title={Mathematical treatment of context effects in phoneme and word recognition},
  author={Boothroyd, Arthur and Nittrouer, Susan},
  journal={The Journal of the Acoustical Society of America},
  volume={84},
  number={1},
  pages={101--114},
  year={1988},
  publisher={Acoustical Society of America}
}



@article{fletcher1950perception,
  title={The Perception of Speech and Its Relation to Telephony},
  author={Fletcher, Harvey and Galt, Rogers H},
  journal={The Journal of the Acoustical Society of America},
  volume={22},
  pages={89--151},
  year={1950}
}

@article{french1947factors,
  title={Factors governing the intelligibility of speech sounds},
  author={French, N. R. and Steinberg, J. C.},
  journal={The Journal of the Acoustical Society of America},
  volume={19},
  pages={90--119},
  year={1947}
}

@book{greenberg2004speech,
  title={Speech processing in the auditory system},
  author={Greenberg, Steven and Ainsworth, William A and Popper, Arthur N and Fay, Richard R},
  volume={18},
  year={2004},
  publisher={Springer}
}

@article{hagerman1982sentences,
  title={Sentences for testing speech intelligibility in noise},
  author={Hagerman, Bj{\"o}rn},
  journal={Scandinavian audiology},
  volume={11},
  number={2},
  pages={79--87},
  year={1982},
  publisher={Informa UK Ltd UK}
}

@article{hansen2000objective,
  title={Objective modeling of speech quality with a psychoacoustically validated auditory model},
  author={Hansen, Martin and Kollmeier, Birger},
  journal={Journal of the Audio Engineering Society},
  volume={48},
  number={5},
  pages={395--408},
  year={2000} 
}




@article{IEC1998sound,
  title={Sound system equipment Part 16: Objective rating of speech intelligibility by speech transmission index},
  author={IEC},
	journal={INTERNATIONAL STANDARD 60268-16},
  volume={Second edition},
	year={1998}
}


@article{jakobson1963preliminaries,
  title={Preliminaries to speech analysis: the distinctive features and their correlates},
  author={Jakobson, R. and Fant, C. G. M. and Halle, M.},
  pages={--},
  year={1963},
  journal={MIT Press}
}


@article{kaernbach2004memory,
  title={The memory of noise.},
  author={Kaernbach, Christian},
  journal={Experimental psychology},
  volume={51},
  number={4},
  pages={240},
  year={2004},
  publisher={Hogrefe \& Huber Publishers}
}


@article{kleinschmidt2002methods,
  title={Methods for capturing spectro-temporal modulations in automatic speech recognition},
  author={Kleinschmidt, Michael},
  journal={Acta Acustica united with Acustica},
  volume={88},
  number={3},
  pages={416--422},
  year={2002},
  publisher={S. Hirzel Verlag}
}


@article{kollmeier1997development,
  title={Development and evaluation of a German sentence test for objective and subjective speech intelligibility assessment},
  author={Kollmeier, Birger and Wesselkamp, Matthias},
  journal={The Journal of the Acoustical Society of America},
  volume={102},
  number={4},
  pages={2412--2421},
  year={1997},
  publisher={Acoustical Society of America}
}


@article{lippmann1997speech,
  title={Speech recognition by machines and humans},
  author={Lippmann, Richard P},
  journal={Speech communication},
  volume={22},
  number={1},
  pages={1--15},
  year={1997},
  publisher={Elsevier}
}



@article{miller1955an,
  title={An Analysis of Perceptual Confusions Among Some English Consonants },
  author={Miller, G. A. and Nicely, P. E.},
  journal={The Journal of the Acoustical Society of America},
  volume={27},
  pages={338--352},
  year={1955},
  publisher={Acoustical Society of America}
}




@article{musch2001ausing,
  title={Using statistical decision theory to predict speech intelligibility. I. Model structure},
  author={M{\"u}sch, Hannes and others},
  journal={The Journal of the Acoustical Society of America},
  volume={109},
  number={6},
  pages={2896--2909},
  year={2001a},
  publisher={Acoustical Society of America}
}

@article{musch2001busing,
  title={Using statistical decision theory to predict speech intelligibility. II. Measurement and prediction of consonant-discrimination performance},
  author={M{\"u}sch, Hannes and others},
  journal={The Journal of the Acoustical Society of America},
  volume={109},
  number={6},
  pages={2910--2920},
  year={2001b},
  publisher={Acoustical Society of America}
}

@article{nilsson1994development,
  title={Development of the Hearing in Noise Test for the measurement of speech reception thresholds in quiet and in noise},
  author={Nilsson, M. and Soli, S. D. and and Sullivan, J. A.},
  journal={The Journal of the Acoustical Society of America},
  volume={95},
  number={2},
  pages={1085--1099},
  year={1994},
  publisher={Acoustical Society of America}
}


@incollection{penrod1994speech,
	chapter = {10},
  title   = {Speech threshold and word recognition/ discrimination testing},
  editor  = {Penrod, J. P.},
  author  = {Katz, J. and Williams and Wilkins},
  booktitle = {Handbook of Clinical Audiology},
	edition = {4},
  publisher = {Baltimore, MD},
  pages   = {147--164},
  year    = {1994}
}
 

@article{plomp1979improving,
  title={Improving the reliability of testing the speech reception threshold for sentences},
  author={Plomp, R and Mimpen, AM},
  journal={International Journal of Audiology},
  volume={18},
  number={1},
  pages={43--52},
  year={1979},
  publisher={Informa UK Ltd UK}
}





@article{shannon1995speech,
  title={Speech recognition with primarily temporal cues},
  author={Shannon, R. V. and Zeng, F. G. and Kamth, V. and Wygonsky, J. and Ekelid, M.},
  journal={Science},
  volume={270},
  pages={303--304},
  year={1995}
 }

@article{tchorz1999a,
  title={A model of auditory perception as front end for automatic speech recognition},
  author={Tchorz, J. and Kollmeier, B.},
  journal={Journal of the Acoustical Society of America},
  volume={106},
  number={4},
  pages={2040--2050},
  year={1999},
  publisher={Acoustical Society of America}
}





@article{wagener1999entwicklung,
  title={Entwicklung und Evaluation eines Satztests für die deutsche Sprache I: Design des Oldenburger Satztests },
  author={Wagener, K. and K{\"u}hnel, V. and Kollmeier, B.},
  journal={Zeitschrift für Audiologie},
  volume={38},
  pages={4--15},
  year={1999}
}

@article{wagener2003design,
  title={Design, optimization and evaluation of a Danish sentence test in noise},
  author={Wagener, Kirsten and Josvassen, Jane Lignel and Ardenkj{\ae}r, Regitze},
  journal={International Journal of Audiology},
  volume={42},
  number={1},
  pages={10--17},
  year={2003},
  publisher={Informa UK Ltd UK}
}


@article{wang1973consonant,
  title={Consonant confusions in noise: a study of perceptual features},
  author={Wang, M. D. and Bilger, R. C.},
  journal={The Journal of the Acoustical Society of America},
  volume={54},
  pages={1248--1266},
  year={1973},
  publisher={Acoustical Society of America}
}

